@misc{ale,
  title = {Alcatel-Lucent Entreprise},
  author = "",
  howpublished = {\url{https://www.al-enterprise.com/fr-fr}},
  note = {Accessed: 2023}
}

@misc{test,
  title = {On the Use of 3-D Accelerometers for Road Quality Assessment},
  author = "Thanuka Wickramarathne",
  author = "Varun Garg",
  howpublished = {\url{https://www.al-enterprise.com/fr-fr}},
  note = {Accessed: 2023}
}
