@misc{folium,
  title = {Folium : Découvrez la bibliothèque Python open source},
  author = "DataScientest",
  howpublished = {\url{https://datascientest.com/folium-tout-savoir}},

  note = {Accessed: 2023}
}

@misc{fenetre_glissante,
  title = {Initiez-vous au Deep Learning},
  author = "Romain Herault, Clement Chatelaint",
  howpublished = {\url{https://openclassrooms.com/fr/courses/5801891-initiez-vous-au-deep-learning/5814641-initiez-vous-aux-problematiques-liees-au-traitement-de-sequences}},

  note = {Accessed: 2023}
}

@misc{poc,
  title = {Comment faire un proof of concept (POC)? 4 étapes et des outils pratiques},
  author = "Team Asana",
  howpublished = {\url{https://asana.com/fr/resources/proof-of-concept}},

  note = {Accessed: 2023}
}

@misc{gps_site,
  title = {Coordonnées GPS},
  howpublished = {\url{https://www.coordonnees-gps.fr}},

  note = {Accessed: 2023}
}