@misc{keras,
  title = {Timeseries classification from scratch},
  author = "Hassan ISMAIL FAWAZ",
  howpublished = {\url{https://keras.io/examples/timeseries/timeseries_classification_from_scratch/}},

  note = {Accessed: 2023}
}




@inproceedings{TerryUm_ICMI2017,
 author = {Um, Terry T. and Pfister, Franz M. J. and Pichler, Daniel and Endo, Satoshi and Lang, Muriel and Hirche, Sandra and Fietzek, Urban and Kuli\'{c}, Dana},
 title = {Data Augmentation of Wearable Sensor Data for Parkinson's Disease Monitoring Using Convolutional Neural Networks},
 booktitle = {Proceedings of the 19th ACM International Conference on Multimodal Interaction},
 series = {ICMI 2017},
 year = {2017},
 isbn = {978-1-4503-5543-8},
 location = {Glasgow, UK},
 pages = {216--220},
 numpages = {5},
 doi = {10.1145/3136755.3136817},
 acmid = {3136817},
 publisher = {ACM},
 address = {New York, NY, USA},
 keywords = {Parkinson\&\#39;s disease, convolutional neural networks, data augmentation, health monitoring, motor state detection, wearable sensor},
} 

