@misc{road_1,
  title = {Road surface anomaly assessment using low-cost accelerometers: A machine learning approach},
  author = "Alessio Martinelli et al.",
  howpublished = \{url{https://www.mdpi.com/1424-8220/22/10/3788}},
  note = {Accessed: 2023}
}

@misc{drunk_1,
  title = {Drunk driving detection},
  author = "Juan Liu et al.",
  howpublished = \{url{https://www.hrpub.org/download/20180730/CSIT2-13510632.pdf}},
  note = {Accessed: 2023}
}

@misc{fall_1,
  title = {Accelerometer-based fall detection using machine learning: Training and testing on real-world falls},
  author = "Luca Palmerini et al.",
  howpublished = \{url{https://www.mdpi.com/1424-8220/20/22/6479}},
  note = {Accessed: 2023}
}

@misc{fall_2,
  title = {Accelerometer-based elderly fall detection system using edge artificial intelligence architecture},
  author = "Osama Zaid Salah et al.",
  howpublished = \{url{https://www.researchgate.net/publication/360166901_Accelerometer-based_elderly_fall_detection_system_using_edge_artificial_intelligence_architecture}},
  note = {Accessed: 2023}
}

@misc{road_2,
  title = {On the use of 3-d accelerometers for road quality assessment},
  author = "Thanuka Wickramarathne et al.",
  howpublished = \{url{https://www.researchgate.net/publication/326669122_On_the_Use_of_3-D_Accelerometers_for_Road_Quality_Assessment}},
  note = {Accessed: 2023}
}


@misc{road_3,
  title = {Road surface anomaly assessment using low-cost accelerometers: A machine learning approach},
  author = "Madis Kariler",
  howpublished = \{url{https://www.semanticscholar.org/paper/Road-Surface-Quality-Detection-Using-Accelerometer-Kariler/}},
  note = {Accessed: 2023}
}

@misc{drunk_2,
  title = {An intelligent online drunk driving detection system based on multi-sensor fusion technology},
  author = "Juan Liu.",
  howpublished = \{url{https://challengedata.ens.fr/challenges/36}},
  note = {Accessed: 2023}
}

@misc{vehicle_1,
  title = {Solutions pour les véhicules autonomes},
  author = "Nvidia",
  howpublished = \{url{https://www.nvidia.com/fr-fr/self-driving-cars/}},
  note = {Accessed: 2023}
}


@misc{road_4,
  title = {Détection et localisation des défauts de la chaussée},
  author = "Wikipedia",
  howpublished = \{url{https://fr.wikipedia.org/wiki/D%C3%A9tection_et_localisation_des_d%C3%A9fauts_de_la_chauss%C3%A9e}},
  note = {Accessed: 2023}
}

@misc{xxii,
  title = {XXII : Valorisons le temps humain},
  author = "XXII",
  howpublished = \{url{https://www.xxii.fr/}},
  note = {Accessed: 2023}
}

@misc{road_5,
  title = {The Pothole Patrol: Using a mobile sensor network for road surface monitoring (in Proc. Int. Conf. on Mobile Systems, Applications and Services (MobiSys), Breckenridge, USA, 2008)},
  author = "J. Eriksson, L. Girod, B. Hull, R. Newton, S. Madden, and H. Bal-akrishnan"
}

@misc{road_6,
  title = {Nericell: Rich monitoring of road and trafﬁc conditions using mobile smartphones (in ACM Conf on Embedded Network Sensor Systems (SenSys))},
  author = "P. Mohan, V. Padmanabhan, and R. Ramjee"
}

@misc{fall_3,
  title = {Accelerometer based elderly fall detection system using edge artificial intelligence architecture (in International Journal of Electrical and Computer Engineering)},
  author = "Osama Zaid Salah, Sathish Kumar Selvaperumal, Raed Abdulla"
}

@misc{road_7,
  title = {Mesure de l'uni longitudinal des chaussées routières et aéronautiques},
  author = "Laboratoire Central des ponts et chaussés",
  note = {Published: 2009}
}
