@misc{tuto_1,
  title = {Multivariate Time Series Data Preprocessing with Pandas in Python | Machine Learning Tutorial},
  author = "Venelin Valkov",
  howpublished = \{url{https://www.youtube.com/watch?v=jR0phoeXjrc&list=PLtMbur2RQyXRROduwmc77qDvcH-NnYBCj&index=10&ab_channel=VenelinValkov}},
  note = {Accessed: 2023}
}

@misc{tuto_2,
  title = {Multivariate Time Series Classification Tutorial with LSTM in PyTorch, PyTorch Lightning and Python},
  author = "Venelin Valkov",
  howpublished = \{url{https://www.youtube.com/watch?v=PCgrgHgy26c&list=PLtMbur2RQyXRROduwmc77qDvcH-NnYBCj&index=9&ab_channel=VenelinValkov}},
  note = {Accessed: 2023}
}

@inproceedings{TerryUm_ICMI2017,
 author = {Um, Terry T. and Pfister, Franz M. J. and Pichler, Daniel and Endo, Satoshi and Lang, Muriel and Hirche, Sandra and Fietzek, Urban and Kuli\'{c}, Dana},
 title = {Data Augmentation of Wearable Sensor Data for Parkinson's Disease Monitoring Using Convolutional Neural Networks},
 booktitle = {Proceedings of the 19th ACM International Conference on Multimodal Interaction},
 series = {ICMI 2017},
 year = {2017},
 isbn = {978-1-4503-5543-8},
 location = {Glasgow, UK},
 pages = {216--220},
 numpages = {5},
 doi = {10.1145/3136755.3136817},
 acmid = {3136817},
 publisher = {ACM},
 address = {New York, NY, USA},
 keywords = {Parkinson\&\#39;s disease, convolutional neural networks, data augmentation, health monitoring, motor state detection, wearable sensor},
} 